@article{zlatuska95,
    author  = {Zlatuška, Jiří},
    title   = {When \Hologo{METAFONT} Does It Alone},
    year    = 1995,
    journal = {TUGboat: the communications of the \TeX{} Users Group},
    volume  = 16,
    number  = 3,
    pages   = {227-332},
    issn    = {0896-3207},
}

@mastersthesis{novotny15,
    author = {Novotný, Vít},
    title = {Forma odborných závěrečných prací v \LaTeX u},
    year = 2015,
    school = {Fakulta informatiky Masarykovy univerzity, Brno},
    supervisor = {Sojka, Petr},
}

@article{sojkanovotny17,
    author = {Sojka, Petr and Novotný, Vít},
    title = {\TeX{} na školách? Samozřejmě ano! Příklad užití \TeX u na Fakultě informatiky Masarykovy univerzity},
    year = 2017,
    journal = {Zpravodaj Československého sdružení uživatelů \TeX u},
    volume  = 2017,
    number  = {3-4},
    pages   = {118-137},
    doi     = {10.5300/2017-3-4/118},
}